@article{ferreira2006integrated,
  title={An integrated life cycle for workflow management based on learning and planning},
  author={Ferreira, Hugo M and Ferreira, Diogo R},
  journal={International Journal of Cooperative Information Systems},
  volume={15},
  number={04},
  pages={485--505},
  year={2006},
  publisher={World Scientific}
}
@inproceedings{marrella2012planlets,
  title={Planlets: automatically recovering dynamic processes in YAWL},
  author={Marrella, Andrea and Russo, Alessandro and Mecella, Massimo},
  booktitle={OTM Confederated International Conferences" On the Move to Meaningful Internet Systems"},
  pages={268--286},
  year={2012},
  organization={Springer}
}
@article{hoffmann2012sap,
  title={SAP speaks PDDL: Exploiting a software-engineering model for planning in business process management},
  author={Hoffmann, J{\"o}rg and Weber, Ingo and Kraft, Frank Michael},
  journal={Journal of Artificial Intelligence Research},
  volume={44},
  pages={587--632},
  year={2012}
}
% fatto
@article{gonzalez2009jabbah,
  title={JABBAH: a Java application framework for the translation between business process models and HTN},
  author={Gonz{\'a}lez-Ferrer, Arturo and Fern{\'a}ndez-Olivares, Juan and Castillo, Luis and others},
  journal={Proceedings of the 3rd International Competition on Knowledge Engineering for Planning and Scheduling (ICKEPS’09)},
  year={2009}
}
% fatto
@article{shah2013knowledge,
  title={Knowledge engineering tools in planning: State-of-the-art and future challenges},
  author={Shah, M and Chrpa, Luk{\'a}s and Jimoh, Falilat and Kitchin, D and McCluskey, T and Parkinson, Simon and Vallati, Mauro},
  journal={Knowledge engineering for planning and scheduling},
  volume={53},
  pages={53},
  year={2013}
}


% fatto
@inproceedings{gajewski2005dynamic,
  title={Dynamic failure recovery of generated workflows},
  author={Gajewski, Michal and Momotko, Mariusz and Meyer, Harald and Schuschel, Hilmar and Weske, Mathias},
  booktitle={16th International Workshop on Database and Expert Systems Applications (DEXA'05)},
  pages={982--986},
  year={2005},
  organization={IEEE}
}


@BOOK{bpmn2doc,
  TITLE = {Business Process Model and Notation (BPMN)},
  SUBTITLE = {Version 2.0},
  AUTHOR = {OMG},
  YEAR = {January 2011},
}
@BOOK{bpmn2examples,
  TITLE = {BPMN 2.0 by Example},
  SUBTITLE = {Version 1.0 (non-normative)},
  AUTHOR = {OMG},
  YEAR = {June 2010},
}

@misc{ips,
  title = {{AIPS-00 Planning Competition} AIPS-00 Description},
  howpublished = {\url{http://www.cs.toronto.edu/aips2000/}},
  note = {Accessed: 2019-05-05},
}

@misc{token-simulation,
  title = {{Token simulation as a plugin for the Camunda Modeler} documentation},
  howpublished = {\url{https://github.com/bpmn-io/bpmn-js-token-simulation-plugin/}},
}
@misc{planninng-wiki,		
  title = {{Planning.Wiki - The AI Planning & PDDL Wiki} documentation},
  howpublished = {\url{https://planning.wiki/}},
}


@inproceedings{lpg,
  title={LPG-TD: a fully automated planner for PDDL2. 2 domains},
  author={Gerevini, Alfonso and Saetti, Alessandro and Serina, Ivan and Toninelli, Paolo},
  booktitle={In Proc. of the 14th Int. Conference on Automated Planning and Scheduling (ICAPS-04) International Planning Competition abstracts},
  year={2004},
  organization={Citeseer}
}
@misc{fast-downward-planner,		
  title = {{fast-downward} documentation},
  howpublished = {\url{http://www.fast-downward.org/}},
}
@misc{blackbox-planner,		
  title = {{blackbox} documentation},
  howpublished = {\url{https://www.cs.rochester.edu/u/kautz/satplan/blackbox/}},
}
@misc{backusnaur,		
  title = {{Backus–Naur form} wikipedia},
  howpublished = {\url{https://en.wikipedia.org/wiki/Backus%E2%80%93Naur_form}},
}


@misc{VAL,		
  title = {{VAL - PDDL Validator} documentation},
  author = {Fox, Long, Howey, Cresswell},
  howpublished = {\url{https://github.com/KCL-Planning/VAL/}}
}


@article{mcdermott1998pddl,
  title={PDDL--the planning domain definition language--version 1.2},
  author={McDermott, Drew and Ghallab, Malik and Howe, Adele and Knoblock, Craig and Ram, Ashwin and Veloso, Manuela and Weld, Daniel and Wilkins, David},
  journal={Yale Center for Computational Vision and Control, Tech. Rep. CVC TR-98-003/DCS TR-1165},
  year={1998}
}

@article{fox2003pddl2,
  title={PDDL2. 1: An extension to PDDL for expressing temporal planning domains},
  author={Fox, Maria and Long, Derek},
  journal={Journal of artificial intelligence research},
  volume={20},
  pages={61--124},
  year={2003}
}



